@inproceedings{mohamed2015variational,
  title={Variational information maximisation for intrinsically motivated reinforcement learning},
  author={Mohamed, Shakir and Rezende, Danilo Jimenez},
  booktitle={Advances in Neural Information Processing Systems},
  pages={2125--2133},
  year={2015}
}

@incollection{salge2014empowerment,
  title={Empowerment--an introduction},
  author={Salge, Christoph and Glackin, Cornelius and Polani, Daniel},
  booktitle={Guided Self-Organization: Inception},
  pages={67--114},
  year={2014},
  publisher={Springer}
}

@inproceedings{chentanez2004intrinsically,
  title={Intrinsically motivated reinforcement learning},
  author={Chentanez, Nuttapong and Barto, Andrew G and Singh, Satinder P},
  booktitle={Advances in neural information processing systems},
  pages={1281--1288},
  year={2004}
}

@article{depeweg2016learning,
  title={Learning and Policy Search in Stochastic Dynamical Systems with Bayesian Neural Networks},
  author={Depeweg, Stefan and Hern{\'a}ndez-Lobato, Jos{\'e} Miguel and Doshi-Velez, Finale and Udluft, Steffen},
  journal={arXiv preprint arXiv:1605.07127},
  year={2016}
}

@misc{braverman2011information,
  title={Lecture Notes in Information Theory in Computer Science},
  author={Braverman, Mark and Bhowmick, Abhishek},
  month={September},
  year={2011},
  publisher={Department of Computer Science, Princeton University},
  howpublished = {\url{https://www.cs.princeton.edu/courses/archive/fall11/cos597D/L04.pdf}}
}